<?xml version="1.0" encoding="UTF-8"?><record xmlns="http://www.loc.gov/MARC21/slim" xmlns:cinclude="http://apache.org/cocoon/include/1.0" xmlns:zs="http://www.loc.gov/zing/srw/">
  <leader>00501nz  a2200145n  4500</leader>
  <controlfield tag="001">nr2005020670</controlfield>
  <controlfield tag="003">DLC</controlfield>
  <controlfield tag="005">20050901033102.0</controlfield>
  <controlfield tag="008">050830n| acannaabn          |a aaa     c</controlfield>
  <datafield tag="010" ind1=" " ind2=" ">
    <subfield code="a">nr2005020670</subfield>
  </datafield>
  <datafield tag="040" ind1=" " ind2=" ">
    <subfield code="a">CtY-Mus</subfield>
    <subfield code="b">eng</subfield>
    <subfield code="c">CtY-Mus</subfield>
  </datafield>
  <datafield tag="100" ind1="1" ind2=" ">
    <subfield code="a">Rūtentāls, K.</subfield>
    <subfield code="q">(Kārlis)</subfield>
  </datafield>
  <datafield tag="400" ind1="1" ind2=" ">
    <subfield code="a">Rūtentāls, Kārlis</subfield>
  </datafield>
  <datafield tag="670" ind1=" " ind2=" ">
    <subfield code="a">Tautas Sieviešu Koris "Dzintars" [SR] 1977:</subfield>
    <subfield code="b">label (K. Rūtentāls, elektroērg̓eles)</subfield>
  </datafield>
  <datafield tag="670" ind1=" " ind2=" ">
    <subfield code="a">Kurzemnieks WWW site, Aug. 30, 2005</subfield>
    <subfield code="b">(Kārlis Rūtentāls, ērg̓eles)</subfield>
  </datafield>
</record>